@online{GH_TACHI,
    author  = {loocool2},
    title   = { Feature Request: Add tachiyomi to play store},
    date    = 2018,
    month   = nov,
    day     = 23,
    url     = {https://github.com/tachiyomiorg/tachiyomi/issues/1745#issuecomment-441163306},
    urldate = {2021-05-01}
}
